@article{glimmer1,
  author = "S. Salzberg and A. Delcher and S. Kasif and O. White",
  title = "Microbial gene identification using interpolated {M}arkov models",
  journal = "Nucl. Acids Res.",
  year = 1998,
  volume = 26,
  number = 2,
  pages = "544--548"
}

@article{glimmer2,
  author = "A. Delcher and D. Harmon and S. Kasif and O. White and S. Salzberg",
  title = "Improved microbial gene identification with {GLIMMER}",
  journal = "Nucl. Acids Res.",
  year = 1999,
  volume = 27,
  number = 23,
  pages = "4636-4641"
}

@article{glimmer3,
  title={Identifying bacterial genes and endosymbiont DNA with Glimmer},
  author={Delcher, A.L. and Bratke, K.A. and Powers, E.C. and Salzberg, S.L.},
  journal={Bioinformatics},
  volume={23},
  number={6},
  pages={673},
  year={2007},
  publisher={Oxford Univ Press}
}


@article{med1,
  author = "Z. Ouyang and H. Zhu and J. Wang and S.Z. She",
  title = "Multivariate entropy distance method for prokaryotic gene identification",
  journal = "J. Bioinformatics \& Comp. Biol.",
  year = 2004,
  volume = 2,
  number = 2,
  pages = "353--373"
}

@article{scimm,
  title={Clustering metagenomic sequences with interpolated Markov models},
  author={Kelley, D.R. and Salzberg, S.L.},
  journal={BMC Bioinformatics},
  volume={11},
  number={1},
  pages={544},
  year={2010},
  publisher={BioMed Central Ltd}
}

@article{phymm,
  title={Phymm and PhymmBL: metagenomic phylogenetic classification with interpolated Markov models},
  author={Brady, A. and Salzberg, S.L.},
  journal={Nature Methods},
  volume={6},
  number={9},
  pages={673--676},
  year={2009},
  publisher={Nature Publishing Group}
}
